
   
   <marc:record>
      <marc:leader>naaaa       uu</marc:leader>
      <marc:controlfield tag="001">http://library.oapen.org/handle/20.500.12657/39385</marc:controlfield>
      <marc:controlfield tag="005">20200527</marc:controlfield>
      <marc:controlfield tag="003">oapen</marc:controlfield>
      <marc:controlfield tag="006">m     o  d</marc:controlfield>
      <marc:controlfield tag="007">cr|mn|---annan</marc:controlfield>
      <marc:controlfield tag="008">20200527s2013    xx |||||o     ||| 0|eng d</marc:controlfield>
      <marc:datafield tag="020" ind1=" " ind2=" ">
         <marc:subfield code="a">518.9781912250134</marc:subfield>
      </marc:datafield>
      <marc:datafield tag="040" ind1=" " ind2=" ">
         <marc:subfield code="a">oapen</marc:subfield>
         <marc:subfield code="c">oapen</marc:subfield>
      </marc:datafield>
      <marc:datafield tag="024" ind1="7" ind2=" ">
         <marc:subfield code="a">10.14296/518.9781912250134</marc:subfield>
         <marc:subfield code="c">doi</marc:subfield>
      </marc:datafield>
      <marc:datafield tag="041" ind1="0" ind2=" ">
         <marc:subfield code="a">eng</marc:subfield>
      </marc:datafield>
      <marc:datafield tag="042" ind1=" " ind2=" ">
         <marc:subfield code="a">dc</marc:subfield>
      </marc:datafield>
      <marc:datafield tag="072" ind1=" " ind2="7">
         <marc:subfield code="a">JFSC</marc:subfield>
         <marc:subfield code="2">bicssc</marc:subfield>
      </marc:datafield>
      <marc:datafield tag="100" ind1="1" ind2=" ">
         <marc:subfield code="a">Lennox, Corinne</marc:subfield>
         <marc:subfield code="4">edt</marc:subfield>
      </marc:datafield>
      <marc:datafield tag="700" ind1="1" ind2=" ">
         <marc:subfield code="a">Waites, Matthew</marc:subfield>
         <marc:subfield code="4">edt</marc:subfield>
      </marc:datafield>
      <marc:datafield tag="700" ind1="1" ind2=" ">
         <marc:subfield code="a">Lennox, Corinne</marc:subfield>
         <marc:subfield code="4">oth</marc:subfield>
      </marc:datafield>
      <marc:datafield tag="700" ind1="1" ind2=" ">
         <marc:subfield code="a">Waites, Matthew</marc:subfield>
         <marc:subfield code="4">oth</marc:subfield>
      </marc:datafield>
      <marc:datafield tag="245" ind1="1" ind2="0">
         <marc:subfield code="a">Human Rights, Sexual Orientation and Gender Identity in The Commonwealth</marc:subfield>
      </marc:datafield>
      <marc:datafield tag="260" ind1=" " ind2=" ">
         <marc:subfield code="a">London</marc:subfield>
         <marc:subfield code="b">University of London Press</marc:subfield>
         <marc:subfield code="c">2013</marc:subfield>
      </marc:datafield>
      <marc:datafield tag="300" ind1=" " ind2=" ">
         <marc:subfield code="a">1 electronic resource (572 p.)</marc:subfield>
      </marc:datafield>
      <marc:datafield tag="336" ind1=" " ind2=" ">
         <marc:subfield code="a">text</marc:subfield>
         <marc:subfield code="b">txt</marc:subfield>
         <marc:subfield code="2">rdacontent</marc:subfield>
      </marc:datafield>
      <marc:datafield tag="337" ind1=" " ind2=" ">
         <marc:subfield code="a">computer</marc:subfield>
         <marc:subfield code="b">c</marc:subfield>
         <marc:subfield code="2">rdamedia</marc:subfield>
      </marc:datafield>
      <marc:datafield tag="338" ind1=" " ind2=" ">
         <marc:subfield code="a">online resource</marc:subfield>
         <marc:subfield code="b">cr</marc:subfield>
         <marc:subfield code="2">rdacarrier</marc:subfield>
      </marc:datafield>
      <marc:datafield tag="506" ind1="0" ind2=" ">
         <marc:subfield code="a">Open Access</marc:subfield>
         <marc:subfield code="2">star</marc:subfield>
         <marc:subfield code="f">Unrestricted online access</marc:subfield>
      </marc:datafield>
      <marc:datafield tag="520" ind1=" " ind2=" ">
         <marc:subfield code="a">Human rights in relation to sexual orientation and gender identity are at last reaching the heart of global debates. Yet 78 states worldwide continue to criminalise same-sex sexual behaviour, and due to the legal legacies of the British Empire, 42 of these - more than half - are in the Commonwealth of Nations. In recent years many states have seen the emergence of new sexual nationalisms, leading to increased enforcement of colonial sodomy laws against men, new criminalisations of sex between women and discrimination against transgender people. Human Rights, Sexual Orientation and Gender Identity in The Commonwealth: Struggles for Decriminalisation and Change challenges these developments as the first book to focus on experiences of lesbian, 
gay, bisexual, transgender and intersex (LGBTI) and all non-heterosexual people in the Commonwealth. The volume offers the most internationally extensive analysis to date of the global struggle for decriminalisation of same-sex sexual behaviour and relationships. The book includes: The first quantitative analysis of legal change related to sexual orientation and gender identity across all the Commonwealth.</marc:subfield>
      </marc:datafield>
      <marc:datafield tag="540" ind1=" " ind2=" ">
         <marc:subfield code="a">Creative Commons</marc:subfield>
         <marc:subfield code="f">https://creativecommons.org/licenses/by-by-nc-nd/4.0/</marc:subfield>
         <marc:subfield code="2">cc</marc:subfield>
         <marc:subfield code="4">https://creativecommons.org/licenses/by-by-nc-nd/4.0/</marc:subfield>
      </marc:datafield>
      <marc:datafield tag="546" ind1=" " ind2=" ">
         <marc:subfield code="a">English</marc:subfield>
      </marc:datafield>
      <marc:datafield tag="650" ind1=" " ind2="7">
         <marc:subfield code="a">Social classes</marc:subfield>
         <marc:subfield code="2">bicssc</marc:subfield>
      </marc:datafield>
      <marc:datafield tag="653" ind1=" " ind2=" ">
         <marc:subfield code="a">Social classes</marc:subfield>
      </marc:datafield>
      <marc:datafield tag="856" ind1="4" ind2="0">
         <marc:subfield code="a">www.oapen.org</marc:subfield>
         <marc:subfield code="u">https://library.oapen.org/bitstream/id/b57c95e1-ab43-4d98-9f5d-90a984af6c65/9781912250134.pdf</marc:subfield>
         <marc:subfield code="7">0</marc:subfield>
         <marc:subfield code="z">OAPEN Library: download the publication</marc:subfield>
      </marc:datafield>
      <marc:datafield tag="856" ind1="4" ind2="0">
         <marc:subfield code="a">www.oapen.org</marc:subfield>
         <marc:subfield code="u">http://library.oapen.org/handle/20.500.12657/39385</marc:subfield>
         <marc:subfield code="7">0</marc:subfield>
         <marc:subfield code="z">OAPEN Library: description of the publication</marc:subfield>
      </marc:datafield></marc:record>