
   
   <marc:record>
      <marc:leader>naaaa       uu</marc:leader>
      <marc:controlfield tag="001">http://library.oapen.org/handle/20.500.12657/38065</marc:controlfield>
      <marc:controlfield tag="005">20200515</marc:controlfield>
      <marc:controlfield tag="003">oapen</marc:controlfield>
      <marc:controlfield tag="006">m     o  d</marc:controlfield>
      <marc:controlfield tag="007">cr|mn|---annan</marc:controlfield>
      <marc:controlfield tag="008">20200515s1998    xx |||||o     ||| 0|eng d</marc:controlfield>
      <marc:datafield tag="020" ind1=" " ind2=" ">
         <marc:subfield code="a">9789004400658</marc:subfield>
      </marc:datafield>
      <marc:datafield tag="040" ind1=" " ind2=" ">
         <marc:subfield code="a">oapen</marc:subfield>
         <marc:subfield code="c">oapen</marc:subfield>
      </marc:datafield>
      <marc:datafield tag="024" ind1="7" ind2=" ">
         <marc:subfield code="a">10.1163/9789004400658</marc:subfield>
         <marc:subfield code="c">doi</marc:subfield>
      </marc:datafield>
      <marc:datafield tag="041" ind1="0" ind2=" ">
         <marc:subfield code="a">eng</marc:subfield>
      </marc:datafield>
      <marc:datafield tag="042" ind1=" " ind2=" ">
         <marc:subfield code="a">dc</marc:subfield>
      </marc:datafield>
      <marc:datafield tag="072" ind1=" " ind2="7">
         <marc:subfield code="a">LB</marc:subfield>
         <marc:subfield code="2">bicssc</marc:subfield>
      </marc:datafield>
      <marc:datafield tag="100" ind1="1" ind2=" ">
         <marc:subfield code="a">Swan Sik, Ko</marc:subfield>
         <marc:subfield code="4">edt</marc:subfield>
      </marc:datafield>
      <marc:datafield tag="700" ind1="1" ind2=" ">
         <marc:subfield code="a">Syatauw, J.J.G.</marc:subfield>
         <marc:subfield code="4">edt</marc:subfield>
      </marc:datafield>
      <marc:datafield tag="700" ind1="1" ind2=" ">
         <marc:subfield code="a">Pinto, M.C.W.</marc:subfield>
         <marc:subfield code="4">edt</marc:subfield>
      </marc:datafield>
      <marc:datafield tag="700" ind1="1" ind2=" ">
         <marc:subfield code="a">Swan Sik, Ko</marc:subfield>
         <marc:subfield code="4">oth</marc:subfield>
      </marc:datafield>
      <marc:datafield tag="700" ind1="1" ind2=" ">
         <marc:subfield code="a">Syatauw, J.J.G.</marc:subfield>
         <marc:subfield code="4">oth</marc:subfield>
      </marc:datafield>
      <marc:datafield tag="700" ind1="1" ind2=" ">
         <marc:subfield code="a">Pinto, M.C.W.</marc:subfield>
         <marc:subfield code="4">oth</marc:subfield>
      </marc:datafield>
      <marc:datafield tag="245" ind1="1" ind2="0">
         <marc:subfield code="a">Asian Yearbook of International Law, Volume 6 (1996)</marc:subfield>
      </marc:datafield>
      <marc:datafield tag="260" ind1=" " ind2=" ">
         <marc:subfield code="b">Brill</marc:subfield>
         <marc:subfield code="c">1998</marc:subfield>
      </marc:datafield>
      <marc:datafield tag="300" ind1=" " ind2=" ">
         <marc:subfield code="a">1 electronic resource (558 p.)</marc:subfield>
      </marc:datafield>
      <marc:datafield tag="336" ind1=" " ind2=" ">
         <marc:subfield code="a">text</marc:subfield>
         <marc:subfield code="b">txt</marc:subfield>
         <marc:subfield code="2">rdacontent</marc:subfield>
      </marc:datafield>
      <marc:datafield tag="337" ind1=" " ind2=" ">
         <marc:subfield code="a">computer</marc:subfield>
         <marc:subfield code="b">c</marc:subfield>
         <marc:subfield code="2">rdamedia</marc:subfield>
      </marc:datafield>
      <marc:datafield tag="338" ind1=" " ind2=" ">
         <marc:subfield code="a">online resource</marc:subfield>
         <marc:subfield code="b">cr</marc:subfield>
         <marc:subfield code="2">rdacarrier</marc:subfield>
      </marc:datafield>
      <marc:datafield tag="490" ind1="1" ind2=" ">
         <marc:subfield code="a">Asian Yearbook of International Law</marc:subfield>
         <marc:subfield code="v">6</marc:subfield>
      </marc:datafield>
      <marc:datafield tag="506" ind1="0" ind2=" ">
         <marc:subfield code="a">Open Access</marc:subfield>
         <marc:subfield code="2">star</marc:subfield>
         <marc:subfield code="f">Unrestricted online access</marc:subfield>
      </marc:datafield>
      <marc:datafield tag="520" ind1=" " ind2=" ">
         <marc:subfield code="a">The Asian Yearbook of International Law is a major refereed publication dedicated to international law issues as seen primarily from an Asian perspective. Readership: Academics and practitioners who deal with international public law in Asia will appreciate this unique, complete resource. The Asian Yearbook of International Law provides insight into Asian views 
and practices, especially for non-Asian readers, and also promotes the dissemination of knowledge of international law in Asia.</marc:subfield>
      </marc:datafield>
      <marc:datafield tag="540" ind1=" " ind2=" ">
         <marc:subfield code="a">Creative Commons</marc:subfield>
         <marc:subfield code="f">https://creativecommons.org/licenses/by-nc/4.0/</marc:subfield>
         <marc:subfield code="2">cc</marc:subfield>
         <marc:subfield code="4">https://creativecommons.org/licenses/by-nc/4.0/</marc:subfield>
      </marc:datafield>
      <marc:datafield tag="546" ind1=" " ind2=" ">
         <marc:subfield code="a">English</marc:subfield>
      </marc:datafield>
      <marc:datafield tag="650" ind1=" " ind2="7">
         <marc:subfield code="a">International law</marc:subfield>
         <marc:subfield code="2">bicssc</marc:subfield>
      </marc:datafield>
      <marc:datafield tag="653" ind1=" " ind2=" ">
         <marc:subfield code="a">International law</marc:subfield>
      </marc:datafield>
      <marc:datafield tag="856" ind1="4" ind2="0">
         <marc:subfield code="a">www.oapen.org</marc:subfield>
         <marc:subfield code="u">https://library.oapen.org/bitstream/id/b99b578d-97b0-4c91-90cb-65b745d919fa/9789004400658_webready_content_text.pdf</marc:subfield>
         <marc:subfield code="7">0</marc:subfield>
         <marc:subfield code="z">OAPEN Library: download the publication</marc:subfield>
      </marc:datafield>
      <marc:datafield tag="856" ind1="4" ind2="0">
         <marc:subfield code="a">www.oapen.org</marc:subfield>
         <marc:subfield code="u">http://library.oapen.org/handle/20.500.12657/38065</marc:subfield>
         <marc:subfield code="7">0</marc:subfield>
         <marc:subfield code="z">OAPEN Library: description of the publication</marc:subfield>
      </marc:datafield>
   </marc:record>
   
</marc:collection>
